001  0000051
005  20170404120143.130
008  170404s||||     bl|||||||||||||||||por|u
020    $a9788569802013
040    $aPorto Alegre$bpor
090    $a793.3$bO145$c1. ed.
245 00 $aOlhares da dança em Porto Alegre$bAirton Tomazzoni, Mônica Dantas, Wagner Ferraz (Org.) 
250    $a1. ed.
260    $aPorto Alegre$bEditora Cidade$c2016
300    $a330 p.$bil.
490 0  $aEscritos da Dança $vn.1
700 1_ $aTomazzoni, Airton$eOrg.
700 1_ $aDantas, Mônica$eOrg.
700 1_ $aFerraz, Wagner$eOrg.
